@article {bc_strCsp,
    AUTHOR = {Baez, John and Courser, Kenny},
     TITLE = {Structured Cospans},
   JOURNAL = {arXiv preprint axXiv:1911.04630},
  FJOURNAL = {},
    VOLUME = {},
      YEAR = {},
     PAGES = {},
      ISSN = {},
   MRCLASS = {},
  MRNUMBER = {},
}

@article {PassiveNets,
    AUTHOR = {Baez, John and Fong, Brendan},
     TITLE = {A compositional framework for passive linear networks},
   JOURNAL = {Theory Appl. Categ.},
  FJOURNAL = {Theory and Applications of Categories},
    VOLUME = {33},
      YEAR = {2018},
     PAGES = {Paper No. 38, 1158--1222},
      ISSN = {1201-561X},
   MRCLASS = {18C10 (18D10 94C05)},
  MRNUMBER = {3909241},
}

@article {MrkvProc,
    AUTHOR = {Baez, John and Fong, Brendan and Pollard, Blake S.},
     TITLE = {A compositional framework for {M}arkov processes},
   JOURNAL = {J. Math. Phys.},
  FJOURNAL = {Journal of Mathematical Physics},
    VOLUME = {57},
      YEAR = {2016},
    NUMBER = {3},
     PAGES = {033301, 30},
      ISSN = {0022-2488},
   MRCLASS = {60J27 (60J99)},
  MRNUMBER = {3478125},
       DOI = {10.1063/1.4941578},
       URL = {https://doi.org/10.1063/1.4941578},
}

@article {RxNets,
    AUTHOR = {Baez, John and Pollard, Blake},
     TITLE = {A compositional framework for reaction networks},
   JOURNAL = {Rev. Math. Phys.},
  FJOURNAL = {Reviews in Mathematical Physics. A Journal for Both Review and
              Original Research Papers in the Field of Mathematical Physics},
    VOLUME = {29},
      YEAR = {2017},
    NUMBER = {9},
     PAGES = {1750028, 41},
      ISSN = {0129-055X},
   MRCLASS = {18D10 (90B10 92E20)},
  MRNUMBER = {3694082},
MRREVIEWER = {Stefan Haar},
       DOI = {10.1142/S0129055X17500283},
       URL = {https://doi.org/10.1142/S0129055X17500283},
}

@article {OpenPetri,
  title={Open Petri Nets},
  author={Baez, John and Master, Jade},
  journal={arXiv preprint arXiv:1808.05415},
  year={2018}
}

@article {Chomsky,
  title={On certain formal properties of grammars},
  author={Chomsky, Noam},
  journal={Information and control},
  volume={2},
  number={2},
  pages={137--167},
  year={1959},
  publisher={Elsevier}
}

@Inproceedings{ZX,
  author    = {Cicala, Daniel},
  year      = {2018},
  title     = {Categorifying the ZX-calculus},
  editor    = {Coecke, Bob and Kissinger, Aleks},
  booktitle = {{\rm Proceedings 14th International Conference on}
               Quantum Physics and Logic,
               {\rm Nijmegen, The Netherlands, 3-7 July 2017}},
  series    = {Electronic Proceedings in Theoretical Computer Science},
  volume    = {266},
  publisher = {Open Publishing Association},
  pages     = {294-314},
  doi       = {10.4204/EPTCS.266.19},
}

@article {Cic_SpCsp,
    AUTHOR = {Cicala, Daniel},
     TITLE = {Spans of cospans},
   JOURNAL = {Theory Appl. Categ.},
  FJOURNAL = {Theory and Applications of Categories},
    VOLUME = {33},
      YEAR = {2018},
     PAGES = {Paper No. 6, 131--147},
      ISSN = {1201-561X},
   MRCLASS = {18D05 (05C62 68Q42 90B10)},
  MRNUMBER = {3756533},
MRREVIEWER = {Rafael Diaz},
}

@article {CicCour_SpCspTopos,
    AUTHOR = {Cicala, Daniel and Courser, Kenny},
     TITLE = {Spans of cospans in a topos},
   JOURNAL = {Theory Appl. Categ.},
  FJOURNAL = {Theory and Applications of Categories},
    VOLUME = {33},
      YEAR = {2018},
     PAGES = {Paper No. 1, 1--22},
      ISSN = {1201-561X},
   MRCLASS = {18B25 (18D05 18D10)},
  MRNUMBER = {3743442},
MRREVIEWER = {David Michael Roberts},
}

@article {DixKiss_OpenGraphs,
    AUTHOR = {Dixon, Lucas and Kissinger, Aleks},
     TITLE = {Open-graphs and monoidal theories},
   JOURNAL = {Math. Structures Comput. Sci.},
  FJOURNAL = {Mathematical Structures in Computer Science. A Journal in the
              Applications of Categorical, Algebraic and Geometric Methods
              in Computer Science},
    VOLUME = {23},
      YEAR = {2013},
    NUMBER = {2},
     PAGES = {308--359},
      ISSN = {0960-1295},
   MRCLASS = {05C90 (18D10 68Q05 68Q42)},
  MRNUMBER = {3032128},
       DOI = {10.1017/S0960129512000138},
       URL = {https://doi.org/10.1017/S0960129512000138},
}

@incollection {Ehrig_GraphGram,
    AUTHOR = {Ehrig, Harmut and Pfender, Michael and Schneider, Hans},
     TITLE = {Graph-grammars: an algebraic approach},
 BOOKTITLE = {14th {A}nnual {IEEE} {S}ymposium on {S}witching and {A}utomata
              {T}heory ({U}niv. {I}owa, {I}owa {C}ity, {I}owa, 1973)},
     PAGES = {167--180},
      YEAR = {1973},
   MRCLASS = {68A30},
  MRNUMBER = {0426510},
MRREVIEWER = {Siegmar Gerber},
}

@article {DecorCsp,
    AUTHOR = {Fong, Brendan},
     TITLE = {Decorated cospans},
   JOURNAL = {Theory Appl. Categ.},
  FJOURNAL = {Theory and Applications of Categories},
    VOLUME = {30},
      YEAR = {2015},
     PAGES = {Paper No. 33, 1096--1120},
      ISSN = {1201-561X},
   MRCLASS = {18D10 (18C10)},
  MRNUMBER = {3384097},
MRREVIEWER = {Eric C. Rowell},
}

@incollection {Gadd_IndGraphTrans,
    AUTHOR = {Gadducci, Fabio and Heckel, Reiko},
     TITLE = {An inductive view of graph transformation},
 BOOKTITLE = {Recent trends in algebraic development techniques
              ({T}arquinia, 1997)},
    SERIES = {Lecture Notes in Comput. Sci.},
    VOLUME = {1376},
     PAGES = {223--237},
 PUBLISHER = {Springer, Berlin},
      YEAR = {1998},
   MRCLASS = {68Q42 (68R10)},
  MRNUMBER = {1656753},
       DOI = {10.1007/3-540-64299-4_36},
       URL = {https://doi.org/10.1007/3-540-64299-4_36},
}

@book{Johnstone_Sketches,
  title={Sketches of an elephant: A topos theory compendium},
  author={Johnstone, Peter},
  volume={2},
  year={2002},
  publisher={Oxford University Press}
}

@incollection {LackSobo_Adhesive,
    AUTHOR = {Lack, Stephen and Soboci\'{n}ski, Pawel },
     TITLE = {Adhesive categories},
 BOOKTITLE = {Foundations of software science and computation structures},
    SERIES = {Lecture Notes in Comput. Sci.},
    VOLUME = {2987},
     PAGES = {273--288},
 PUBLISHER = {Springer, Berlin},
      YEAR = {2004},
   MRCLASS = {68Q42 (18C50)},
  MRNUMBER = {2147115},
       DOI = {10.1007/978-3-540-24727-2_20},
       URL = {https://doi.org/10.1007/978-3-540-24727-2_20},
}

@incollection {LackSobo_TopsIsAdh,
    AUTHOR = {Lack, Stephen and Soboci\'{n}ski, Pawel },
     TITLE = {Toposes are adhesive},
 BOOKTITLE = {Graph transformations},
    SERIES = {Lecture Notes in Comput. Sci.},
    VOLUME = {4178},
     PAGES = {184--198},
 PUBLISHER = {Springer, Berlin},
      YEAR = {2006},
   MRCLASS = {18B25 (68Q85 68R10)},
  MRNUMBER = {2338562},
       DOI = {10.1007/11841883_14},
       URL = {https://doi.org/10.1007/11841883_14},
}

@article {ShulDblCat,
  title={Constructing symmetric monoidal bicategories},
  author={Shulman, Michael},
  journal={arXiv preprint arXiv:1004.0993},
  year={2010}
}

@article {Wraith_ArtinGlue,
    AUTHOR = {Wraith, Gavin},
     TITLE = {Artin glueing},
   JOURNAL = {J. Pure Appl. Algebra},
  FJOURNAL = {Journal of Pure and Applied Algebra},
    VOLUME = {4},
      YEAR = {1974},
     PAGES = {345--348},
      ISSN = {0022-4049},
   MRCLASS = {18A15},
  MRNUMBER = {0344301},
MRREVIEWER = {M. Barr},
       DOI = {10.1016/0022-4049(74)90014-0},
       URL = {https://doi.org/10.1016/0022-4049(74)90014-0},
}
