%
% Rewriting Open Graphs
% bibliography
% 
%

@misc{BaezCoyaFong_Props,
	title={Props in network theory},
	author={Baez, John and Coya, Brandon and Rebro, Franciscus},
	year={2017},
	note = {\href{https://arxiv.org/abs/1707.08321}{arXiv:1707.08321}.}	
}
%
@misc{BaezFong_CompPassLinNets,
	title={A compositional framework for passive linear networks},
	author={Baez, John and Fong, Brendan},
	year={2015},
	note = {\href{https://arxiv.org/abs/1504.05625}{arXiv:1504.05625}.}	
}
%
@article{BaezFongPollard_CompMarkovProcesses,
	AUTHOR = {Baez, John and Fong, Brendan and Pollard, Blake},
	TITLE = {A compositional framework for {M}arkov processes},
	JOURNAL = {J. Math. Phys.},
	VOLUME = {57},
	YEAR = {2016},
	doi = {http://dx.doi.org/10.1063/1.4941578},
}
%
@article{BaezPollard_CompFrameRxNets,
	AUTHOR = {Baez, John and Pollard, Blake S.},
	TITLE = {A compositional framework for reaction networks},
	JOURNAL = {Rev. Math. Phys.},
	VOLUME = {29},
	YEAR = {2017},
	NUMBER = {9},
	doi = {http://dx.doi.org/10.1142/S0129055X17500283},
}
%
@misc{Cicala_SpansCospans,
	title={Spans of cospans},
	author={Cicala, Daniel},
	year={2016},
	note = {\href{https://arxiv.org/abs/1611.07886}{arXiv:1611.07886}.}
}
%
@misc{CicalaCourser_BicatSpansCospan,
	title={Spans of cospans in a topos},
	author={Cicala, Daniel and Courser, Kenny},
	year = {2017},
	note = {\href{https://arxiv.org/abs/1707.02098}{arXiv:1707.02098}.}
}
%
@incollection{Corradini_AlgApprGraphTrans,
 	AUTHOR = {Corradini, Andrea and Montanari, Ugo and Rossi, Francesca and Ehrig, Hartmut and Heckel, Reiko and Lowe, Michael},
 	TITLE = {Algebraic approaches to graph transformation. {B}asic concepts
 	and double pushout approach},
 	BOOKTITLE = {Handbook of graph grammars and computing by graph
 	transformation, {V}ol. 1},
 	PUBLISHER = {World Sci. Publ., River Edge, NJ},
 	YEAR = {1997},
 	doi = {http://dx.doi.org/10.1142/9789812384720_0003}
 }
%
@article{Dixon_OpenGraphs,
	title={Open graphs and computational reasoning},
	author={Dixon, Lucas and Duncan, Ross and Kissinger, Aleks},
	journal={Electron. Proc. Theor. Comput. Sci.},
	volume = {26},
	year={2010},
	doi={http://dx.doi.org/10.4204/EPTCS.26.16}
}
%

@article{Habel,
	title={Double-pushout graph transformation revisited},
	author={Habel, Annegret and Muller, Jurgen and Plump, Detlef},
	journal={Math. Structures Comput. Sci.},
	volume={11},
	number={5},
	year={2001},
	publisher={Cambridge University Press},
	doi = {http://dx.doi.org/10.1017/S0960129501003425},
}
%

@book{MaclaneMoerdijk,
	title={Sheaves in geometry and logic: A first introduction to topos theory},
	author={MacLane, Sanders and Moerdijk, Ieke},
	year={2012},
	publisher={Springer Science \& Business Media},
}
%
@incollection{Selinger_GraphicsMonCats,
	AUTHOR = {Selinger, Peter},
	TITLE = {A survey of graphical languages for monoidal categories},
	BOOKTITLE = {New structures for physics},
	SERIES = {Lecture Notes in Phys.},
	VOLUME = {813},
	PUBLISHER = {Springer, Heidelberg},
	YEAR = {2011},
	doi = {http://dx.doi.org/10.1007/978-3-642-12821-9_4},
}
%
@article{Stay_CompactClosedBicats,
	AUTHOR = {Stay, Michael},
	TITLE = {Compact closed bicategories},
	JOURNAL = {Theory Appl. Categ.},
	VOLUME = {31},
	YEAR = {2016},
	note={Also available as \href{https://arxiv.org/abs/1301.1053}{arXiv:1301.1053}.}
}
%
@article {Wraith_ArtinGlue,
	AUTHOR = {Wraith, Gavin},
	TITLE = {Artin glueing},
	JOURNAL = {J. Pure Appl. Algebra},
	FJOURNAL = {Journal of Pure and Applied Algebra},
	VOLUME = {4},
	YEAR = {1974},
	PAGES = {345--348},
	ISSN = {0022-4049},
	MRCLASS = {18A15},
	MRNUMBER = {0344301},
	MRREVIEWER = {M. Barr},
	DOI = {10.1016/0022-4049(74)90014-0},
	URL = {http://dx.doi.org/10.1016/0022-4049(74)90014-0},
}