%
% Rewriting Open Graphs
% bibliography
% 
%

@misc{sp-csp,
  TITLE =	 {Spans of cospans},
  AUTHOR =	 {Cicala, Daniel},
  YEAR =	 {2018},
  JOURNAL =	 {Theory Appl. Categ.},
  VOLUME =	 {33},
  url =
                  {http://www.tac.mta.ca/tac/volumes/33/6/33-06abs.html},
  PAGES =	 {131-147},
}
%
@article {sp-csp-top,
  AUTHOR =	 {Cicala, Daniel and Courser, Kenny},
  TITLE =	 {Spans of cospans in a topos},
  JOURNAL =	 {Theory Appl. Categ.},
  FJOURNAL =	 {Theory and Applications of Categories},
  VOLUME =	 {33},
  YEAR =	 {2018},
  PAGES =	 {Paper No. 1, 1--22},
  ISSN =	 {1201-561X},
  MRCLASS =	 {18B25 (18D05 18D10)},
  MRNUMBER =	 {3743442},
}
%
@incollection{grph-trans,
  AUTHOR =	 {Corradini, Andrea and Montanari, Ugo and Rossi,
                  Francesca and Ehrig, Hartmut and Heckel, Reiko and
                  Lowe, Michael},
  TITLE =	 {Algebraic approaches to graph
                  transformation. {B}asic concepts and double pushout
                  approach},
  BOOKTITLE =	 {Handbook of graph grammars and computing by graph
                  transformation, {V}ol. 1},
  PUBLISHER =	 {World Sci. Publ., River Edge, NJ},
  YEAR =	 {1997},
  doi =		 {http://dx.doi.org/10.1142/9789812384720_0003}
}
%
@article{open-graphs,
  title =	 {Open graphs and computational reasoning},
  author =	 {Dixon, Lucas and Duncan, Ross and Kissinger, Aleks},
  journal =	 {Electron. Proc. Theor. Comput. Sci.},
  volume =	 {26},
  year =	 {2010},
  doi =		 {http://dx.doi.org/10.4204/EPTCS.26.16}
}
%
@article{grph-trans-revisit,
  title =	 {Double-pushout graph transformation revisited},
  author =	 {Habel, Annegret and Muller, Jurgen and Plump,
                  Detlef},
  journal =	 {Math. Structures Comput. Sci.},
  volume =	 {11},
  number =	 {5},
  year =	 {2001},
  publisher =	 {Cambridge University Press},
  doi =		 {http://dx.doi.org/10.1017/S0960129501003425},
}
%

@book{sheaves,
	title={Sheaves in geometry and logic: A first introduction to topos theory},
	author={MacLane, Sanders and Moerdijk, Ieke},
	year={2012},
	publisher={Springer Science \& Business Media},
}
%
@incollection{survey-grph-langs,
  AUTHOR =	 {Selinger, Peter},
  TITLE =	 {A survey of graphical languages for monoidal
                  categories},
  BOOKTITLE =	 {New structures for physics},
  SERIES =	 {Lecture Notes in Phys.},
  VOLUME =	 {813},
  PUBLISHER =	 {Springer, Heidelberg},
  YEAR =	 {2011},
  doi =		 {http://dx.doi.org/10.1007/978-3-642-12821-9_4},
}

@article{shulman-constructing,
  title={Constructing symmetric monoidal bicategories},
  author={Shulman, Michael},
  journal={arXiv preprint arXiv:1004.0993},
  year={2010}
}

%
@article{cc-bicats,
	AUTHOR = {Stay, Michael},
	TITLE = {Compact closed bicategories},
	JOURNAL = {Theory Appl. Categ.},
	VOLUME = {31},
	YEAR = {2016},
	note={Also available as \href{https://arxiv.org/abs/1301.1053}{arXiv:1301.1053}.}
}
%
@article {artin-glue,
  AUTHOR =	 {Wraith, Gavin},
  TITLE =	 {Artin glueing},
  JOURNAL =	 {J. Pure Appl. Algebra},
  FJOURNAL =	 {Journal of Pure and Applied Algebra},
  VOLUME =	 {4},
  YEAR =	 {1974},
  PAGES =	 {345--348},
  ISSN =	 {0022-4049},
  MRCLASS =	 {18A15},
  MRNUMBER =	 {0344301},
  MRREVIEWER =	 {M. Barr},
  DOI =		 {10.1016/0022-4049(74)90014-0},
  URL =		 {http://dx.doi.org/10.1016/0022-4049(74)90014-0},
}
